@article{silvertown2009new,
  title={A new dawn for citizen science},
  author={Silvertown, Jonathan},
  journal={Trends in ecology \& evolution},
  volume={24},
  number={9},
  pages={467--471},
  year={2009},
  publisher={Elsevier}
}
@article{gray2012lessons,
  title={Lessons Learned from Citizen Science in the Classroom. A Response to" The Future of Citizen Science."},
  author={Gray, Steven A and Nicosia, Kristina and Jordan, Rebecca C},
  journal={Democracy and Education},
  volume={20},
  number={2},
  pages={14},
  year={2012}
}
@article{milligan2013patterns,
  title={Patterns of engagement in connectivist MOOCs},
  author={Milligan, Colin and Littlejohn, Allison and Margaryan, Anoush},
  journal={MERLOT Journal of Online Learning and Teaching},
  volume={9},
  number={2},
  year={2013}
}
@inproceedings{Kuittinen:2007:CGD:1328202.1328221,
 author = {Kuittinen, Jussi and Kultima, Annakaisa and Niemel\"{a}, Johannes and Paavilainen, Janne},
 title = {Casual Games Discussion},
 booktitle = {Proceedings of the 2007 Conference on Future Play},
 series = {Future Play '07},
 year = {2007},
 isbn = {978-1-59593-943-2},
 location = {Toronto, Canada},
 pages = {105--112},
 numpages = {8},
 url = {http://doi.acm.org/10.1145/1328202.1328221},
 doi = {10.1145/1328202.1328221},
 acmid = {1328221},
 publisher = {ACM},
 address = {New York, NY, USA},
 keywords = {casual game player, casual gamer, casual games, casual gaming, casual playing, digital games, expanded game experience},
} 

@article{szell2010multirelational,
  title={Multirelational organization of large-scale social networks in an online world},
  author={Szell, Michael and Lambiotte, Renaud and Thurner, Stefan},
  journal={Proceedings of the National Academy of Sciences},
  volume={107},
  number={31},
  pages={13636--13641},
  year={2010},
  publisher={National Acad Sciences}
}
@inproceedings{vasilescu2013stackoverflow,
  title={StackOverflow and GitHub: associations between software development and crowdsourced knowledge},
  author={Vasilescu, Bogdan and Filkov, Vladimir and Serebrenik, Alexander},
  booktitle={Social Computing (SocialCom), 2013 International Conference on},
  pages={188--195},
  year={2013},
  organization={IEEE}
}
@inproceedings{luther2009pathfinder,
  title={Pathfinder: an online collaboration environment for citizen scientists},
  author={Luther, Kurt and Counts, Scott and Stecher, Kristin B and Hoff, Aaron and Johns, Paul},
  booktitle={Proceedings of the SIGCHI Conference on Human Factors in Computing Systems},
  pages={239--248},
  year={2009},
  organization={ACM}
}
@article{bruckman1995mediamoo,
  title={The mediamoo project constructionism and professional community},
  author={Bruckman, Amy and Resnick, Mitchel},
  journal={Convergence: The International Journal of Research into New Media Technologies},
  volume={1},
  number={1},
  pages={94--109},
  year={1995},
  publisher={Sage Publications}
}
@article{olsen2004triangulation,
  title={Triangulation in social research: qualitative and quantitative methods can really be mixed},
  author={Olsen, Wendy},
  journal={Developments in sociology},
  volume={20},
  pages={103--118},
  year={2004},
  publisher={CAUSEWAY PRESS LTD}
}
@inproceedings{moore2011facebooking,
  title={Facebooking citizen science with the Zooniverse},
  author={Moore, Joseph and Gay, PL and Hogan, K and Lintott, C and Impey, C and Watson, C},
  booktitle={Bulletin of the American Astronomical Society},
  volume={43},
  pages={15813},
  year={2011}
}
@inproceedings{thom2012removing,
  title={Removing gamification from an enterprise sns},
  author={Thom, Jennifer and Millen, David and DiMicco, Joan},
  booktitle={Proceedings of the ACM 2012 conference on Computer Supported Cooperative Work},
  pages={1067--1070},
  year={2012},
  organization={ACM}
}
@book{mcgonigal2011reality,
  title={Reality Is Broken: Why Games Make Us Better and How They Can Change the World},
  author={McGonigal, J.},
  isbn={9781101475492},
  url={http://books.google.co.uk/books?id=yiOtN\_kDJZgC},
  year={2011},
  publisher={Penguin Group US}
}
@article{mazzolini2003sage,
  title={Sage, guide or ghost? The effect of instructor intervention on student participation in online discussion forums},
  author={Mazzolini, Margaret and Maddison, Sarah},
  journal={Computers \& Education},
  volume={40},
  number={3},
  pages={237--253},
  year={2003},
  publisher={Elsevier}
}
@article{fortson2011galaxy,
  title={Galaxy Zoo: Morphological classification and citizen science},
  author={Fortson, Lucy and Masters, Karen and Nichol, Robert and Borne, Kirk and Edmondson, Edd and Lintott, Chris and Raddick, Jordan and Schawinski, Kevin and Wallin, John},
  journal={arXiv preprint arXiv:1104.5513},
  year={2011}
}
@article{okolloh2009ushahidi,
  title={Ushahidi, or'testimony': Web 2.0 tools for crowdsourcing crisis information},
  author={Okolloh, Ory},
  journal={Participatory learning and action},
  volume={59},
  number={1},
  pages={65--70},
  year={2009},
  publisher={IIED-Participatory Learning and Action}
}
@article{zook2010volunteered,
  title={Volunteered geographic information and crowdsourcing disaster relief: a case study of the Haitian earthquake},
  author={Zook, Matthew and Graham, Mark and Shelton, Taylor and Gorman, Sean},
  journal={World Medical \& Health Policy},
  volume={2},
  number={2},
  pages={7--33},
  year={2010},
  publisher={Wiley Online Library}
}
@article{raddick2010galaxy,
  title={Galaxy zoo: Exploring the motivations of citizen science volunteers},
  author={Raddick, M Jordan and Bracey, Georgia and Gay, Pamela L and Lintott, Chris J and Murray, Phil and Schawinski, Kevin and Szalay, Alexander S and Vandenberg, Jan},
  journal={Astronomy Education Review},
  volume={9},
  pages={010103},
  year={2010}
}
@article{land2008galaxy,
  title={Galaxy Zoo: the large-scale spin statistics of spiral galaxies in the Sloan Digital Sky Surveyâ˜…},
  author={Land, Kate and Slosar, An{\v{z}}e and Lintott, Chris and Andreescu, Dan and Bamford, Steven and Murray, Phil and Nichol, Robert and Raddick, M Jordan and Schawinski, Kevin and Szalay, Alex and others},
  journal={Monthly Notices of the Royal Astronomical Society},
  volume={388},
  number={4},
  pages={1686--1692},
  year={2008},
  publisher={Wiley Online Library}
}
@article{lintott2008galaxy,
  title={Galaxy Zoo: morphologies derived from visual inspection of galaxies from the Sloan Digital Sky Survey},
  author={Lintott, Chris J and others},
  journal={Monthly Notices of the Royal Astronomical Society},
  volume={389},
  number={3},
  pages={1179--1189},
  year={2008},
  publisher={Wiley Online Library}
}
@misc{story-of-the-peas,
  author = {Carolin N. Cardamone},
  title = {The Story of the Peas: Writing a Scientific Paper},
  type = {Blog},
  number = {July 2},
  year = {2009},
  howpublished = {\url{http://blog.galaxyzoo.org/2009/07/02/the-story-of-the-peas-writing-a-scientific-paper}}
}
@article{cordero2012rna,
  title={An RNA Mapping Database for curating RNA structure mapping experiments},
  author={Cordero, Pablo and Lucks, Julius B and Das, Rhiju},
  journal={Bioinformatics},
  volume={28},
  number={22},
  pages={3006--3008},
  year={2012},
  publisher={Oxford Univ Press}
}
@article{zydney2012creating,
  title={Creating a community of inquiry in online environments: An exploratory study on the effect of a protocol on interactions within asynchronous discussions},
  author={Zydney, Janet Mannheimer and deNoyelles, Aimee and Kyeong-Ju Seo, Kay},
  journal={Computers \& Education},
  volume={58},
  number={1},
  pages={77--87},
  year={2012},
  publisher={Elsevier}
}

@article{khatib2011algorithm,
  title={Algorithm discovery by protein folding game players},
  author={Khatib, Firas and Cooper, Seth and Tyka, Michael D and Xu, Kefan and Makedon, Ilya and Popovi{\'c}, Zoran and Baker, David and Players, Foldit},
  journal={Proceedings of the National Academy of Sciences},
  volume={108},
  number={47},
  pages={18949--18953},
  year={2011},
  publisher={National Acad Sciences}
}


@article{mazzolini2007jump,
  title={When to jump in: The role of the instructor in online discussion forums},
  author={Mazzolini, Margaret and Maddison, Sarah},
  journal={Computers \& Education},
  volume={49},
  number={2},
  pages={193--213},
  year={2007},
  publisher={Elsevier}
}
@article{schrire2006knowledge,
  title={Knowledge building in asynchronous discussion groups: Going beyond quantitative analysis},
  author={Schrire, Sarah},
  journal={Computers \& Education},
  volume={46},
  number={1},
  pages={49--70},
  year={2006},
  publisher={Elsevier}
}
@inproceedings{lampe2010motivations,
  title={Motivations to participate in online communities},
  author={Lampe, Cliff and Wash, Rick and Velasquez, Alcides and Ozkaya, Elif},
  booktitle={Proceedings of the SIGCHI Conference on Human Factors in Computing Systems},
  pages={1927--1936},
  year={2010},
  organization={ACM}
}
@incollection{simpson2013dynamic,
  title={Dynamic Bayesian combination of multiple imperfect classifiers},
  author={Simpson, Edwin and Roberts, Stephen and Psorakis, Ioannis and Smith, Arfon},
  booktitle={Decision Making and Imperfection},
  pages={1--35},
  year={2013},
  publisher={Springer}
}

@book{Yin2003,
author = {Yin, R K},
booktitle = {Applied Social Research Methods Series},
editor = {Robinson, Sanford},
mendeley-groups = {Social Science,Case Study},
publisher = {SAGE Publications},
series = {Applied Social Research Methods Series},
title = {{Case Study Research: Design and Methods - Third Edition}},
volume = {5},
year = {2003}
}


@book{Strauss1987,
author = {Strauss, A. L},
pages = {336},
publisher = {Cambridge University Press},
title = {{Qualitative Analysis for Social Scientists}},
year = {1987}
}

@book{Denzin1978,
address = {New York, NY, USA},
author = {Denzin, Norman K},
mendeley-groups = {Methodology/Triangulation},
publisher = {McGraw-Hill},
title = {{The Research Act: A Theoretical Introduction to Sociological Methods}},
year = {1978}
}

@techreport{gutheim2012fantasktic,
  title={Fantasktic: Improving Quality of Results for Novice Crowdsourcing Users},
  author={Gutheim, Philipp and Hartmann, Bj{\"o}rn},
  year={2012},
	month={May},
	institution={EECS Department, University of California, Berkeley},
	howpublished={\url{http://www.eecs.berkeley.edu/Pubs/TechRpts/2012/EECS-2012-112.pdf}}
}
@incollection{Morse1994,
author = {Morse, J.M},
booktitle = {In Handbook of Qualitative Research},
editor = {Denzin, N.K and Lincoln, Y.S},
mendeley-groups = {Methodology/Triangulation},
pages = {220--235},
title = {{Designing funded qualitative research}},
year = {1994}
}

@book{norman2002design,
  title={The design of everyday things},
  author={Norman, Donald A},
  year={2002},
  publisher={Basic books}
}

@book{Lafaille1995,
address = {Antwerp, Belgium},
author = {Lafaille, Robert and Wildeboer, Hans},
booktitle = {International Institute for Advanced Health Studies},
file = {:C$\backslash$:/Users/Ramine/Dropbox/PhD/References/Social Science/Methodology/Reliability/valideng\_full.pdf:pdf},
isbn = {9073723078},
mendeley-groups = {Methodology,Methodology/Reliability and Validity},
title = {{Validity and Reliability of Observation and Data Collection in Biographical Research}},
url = {http://eurotas.org/uploads/pdf/valideng\_full.pdf},
year = {1995}
}

@misc{zoopearls,
author = {Cooper, Carens},
title = {Pearls across the Zooniverse: When Crowdsourcing Becomes Citizen Science},
journal = {Scientific American},
type = {Blog},
number = {February 28},
year = {2013},
howpublished = {\url{http://blogs.scientificamerican.com/guest-blog/2013/02/28/pearls-across-the-zooniverse-when-crowdsourcing-becomes-citizen-science}}
}


@article{Edwards2009,
author = {Edwards, Gemma and Crossley, Nick},
journal = {Methodological Innovations Online},
keywords = {ego net,helen kirkpatrick watts,social movements,social networks,suffragette networks},
mendeley-groups = {Mixed Methods/SNA MM},
pages = {37--61},
title = {{Measures and Meanings: Exploring the Ego-Net of Helen Kirkpatrick Watts, Militant Suffragette}},
volume = {4},
year = {2009}
}

@article{lintott2009galaxy,
  title={Galaxy Zoo:â€˜Hanny's Voorwerpâ€™, a quasar light echo?â˜…},
  author={Lintott, Chris J and others},
  journal={Monthly Notices of the Royal Astronomical Society},
  volume={399},
  number={1},
  pages={129--140},
  year={2009},
  publisher={Wiley Online Library}
}

@article{cardamone2009galaxy,
  title={Galaxy Zoo Green Peas: discovery of a class of compact extremely star-forming galaxiesâ˜…},
  author={Cardamone, Carolin and Schawinski, Kevin and Sarzi, Marc and Bamford, Steven P and Bennert, Nicola and Urry, CM and Lintott, Chris and Keel, William C and Parejko, John and Nichol, Robert C and others},
  journal={Monthly Notices of the Royal Astronomical Society},
  volume={399},
  number={3},
  pages={1191--1205},
  year={2009},
  publisher={Wiley Online Library}
}

@inproceedings{raddick2008galaxy,
  title={Galaxy Zoo: Motivations of citizen scientists},
  author={Raddick, Jordan and Lintott, C and Bamford, S and Land, K and Locksmith, D and Murray, P and Nichol, B and Schawinski, K and Slosar, A and Szalay, A and others},
  booktitle={Bulletin of the American Astronomical Society},
  volume={40},
  pages={240},
  year={2008}
}

@article{schwamb2013planet,
  title={Planet Hunters: A Transiting Circumbinary Planet in a Quadruple Star System},
  author={Schwamb, Megan E and Orosz, Jerome A and Carter, Joshua A and Welsh, William F and Fischer, Debra A and Torres, Guillermo and Howard, Andrew W and Crepp, Justin R and Keel, William C and Lintott, Chris J and others},
  journal={The Astrophysical Journal},
  volume={768},
  number={2},
  pages={127},
  year={2013},
  publisher={IOP Publishing}
}

@misc{heinzelman2010crowdsourcing,
  title={Crowdsourcing crisis information in disaster-affected Haiti},
  author={Heinzelman, Jessica and Waters, Carol},
  year={2010},
  publisher={United States Institute of Peace (USIP)},
	howpublished={\url{http://www.humanitarianforum.org/data/files/crowdsourcinghaiti.pdf}}
}

@book{kraut2012building,
  title={Building successful online communities: Evidence-based social design},
  author={Kraut, Robert E and Resnick, Paul and Kiesler, Sara and Burke, Moira and Chen, Yan and Kittur, Niki and Konstan, Joseph and Ren, Yuqing and Riedl, John},
  year={2012},
  publisher={Mit Press}
}


@inproceedings{westphal2005stardust,
  title={Stardust@ home: a massively distributed public search for interstellar dust in the stardust interstellar dust collector},
  author={Westphal, Andrew J and Butterworth, Anna L and Snead, Christopher J and Craig, Nahide and Anderson, David and Jones, Steven M and Brownlee, Donald E and Farnsworth, Richard and Zolensky, Michael E},
  booktitle={36th Annual Lunar and Planetary Science Conference},
  volume={36},
  pages={1908},
  year={2005}
}

@misc{ebird,
  author = {Caren Cooper},
  title = {Zen in the Art of Citizen Science: Apps for Collective Discovery and the 1 Percent Rule of the Web},
  type = {Blog},
  number = {September 11},
  year = {2013},
  howpublished = {\url{http://blogs.scientificamerican.com/guest-blog/2013/09/11/zen-in-the-art-of-citizen-science-apps-for-collective-discovery-and-the-1-rule-of-the-web/}}
}
@article{wood2011ebird,
  title={eBird: engaging birders in science and conservation},
  author={Wood, Chris and Sullivan, Brian and Iliff, Marshall and Fink, Daniel and Kelling, Steve},
  journal={PLoS biology},
  volume={9},
  number={12},
  pages={e1001220},
  year={2011},
  publisher={Public Library of Science}
}

@misc{ubiome,
  author = {Jessica Richman and Zachary Apte},
  title = {Crowdfunding and IRBs: The Case of uBiome},
  type = {Blog},
  number = {July 22},
  year = {2013},
  howpublished = {\url{http://blogs.scientificamerican.com/guest-blog/2013/07/22/crowdfunding-and-irbs-the-case-of-ubiome/}}
}

@article{druschke2012failures,
  title={Failures of Engagement: Lessons Learned from a Citizen Science Pilot Study},
  author={Druschke, Caroline Gottschalk and Seltzer, Carrie E},
  journal={Applied Environmental Education \& Communication},
  volume={11},
  number={3-4},
  pages={178--188},
  year={2012},
  publisher={Taylor \& Francis}
  }

@misc{galaxyzooblog,
  title={The Galaxy Zoo Blog},
  number = {July},
  type = {Blog},
  year = {2007},
  howpublished = {\url{http://blog.galaxyzoo.org/}}
}
@article{ockerman2000review,
  title={A review and reappraisal of task guidance: Aiding workers in procedure following},
  author={Ockerman, Jennifer and Pritchett, Amy},
  journal={International Journal of Cognitive Ergonomics},
  volume={4},
  number={3},
  pages={191--212},
  year={2000},
  publisher={Taylor \& Francis}
}
@article{kluger1996effects,
  title={The effects of feedback interventions on performance: a historical review, a meta-analysis, and a preliminary feedback intervention theory.},
  author={Kluger, Avraham N and DeNisi, Angelo},
  journal={Psychological bulletin},
  volume={119},
  number={2},
  pages={254},
  year={1996},
  publisher={American Psychological Association}
}

@article{alexander2006pattern,
  title={A Pattern Language},
  author={Alexander, Christopher and Ishikawa, Sara and Silverstein, Murray and Alexanderâ€™s, Christopher},
  journal={Ch. Alexander},
  volume={60},
  year={2006}
}
@article{murphy2004graduate,
  title={Graduate students' experiences of challenges in online asynchronous discussions},
  author={Murphy, Elizabeth and Coleman, Elizabeth},
  journal={Canadian Journal of Learning and Technology},
  volume={30},
  number={2},
  year={2004}
}
@misc{zooniverseblog,
  author = {Margaret Kosmala},
	title={We need an 'I donâ€™t know' button! },
  type = {Blog},
  number = {December},
  year = {2012},
  howpublished = {\url{http://blog.snapshotserengeti.org/2012/12/14/we-need-an-i-dont-know-button/}}
}
@article{preece2003online,
  title={Online communities: focusing on sociability and usability},
  author={Preece, Jenny and Maloney-Krichmar, Diane},
  journal={Handbook of human-computer interaction},
  pages={596--620},
  year={2003},
  publisher={Lawrence Erlbaum Publishers, Mahwak: NJ}
}




@article{olsen2004triangulation,
  title={Triangulation in social research: qualitative and quantitative methods can really be mixed},
  author={Olsen, Wendy},
  journal={Developments in sociology},
  volume={20},
  pages={103--118},
  year={2004},
  publisher={CAUSEWAY PRESS LTD}
}
@inproceedings{moore2011facebooking,
  title={Facebooking citizen science with the Zooniverse},
  author={Moore, Joseph and Gay, PL and Hogan, K and Lintott, C and Impey, C and Watson, C},
  booktitle={Bulletin of the American Astronomical Society},
  volume={43},
  pages={15813},
  year={2011}
}
@inproceedings{thom2012removing,
  title={Removing gamification from an enterprise sns},
  author={Thom, Jennifer and Millen, David and DiMicco, Joan},
  booktitle={Proceedings of the ACM 2012 conference on Computer Supported Cooperative Work},
  pages={1067--1070},
  year={2012},
  organization={ACM}
}
@book{mcgonigal2011reality,
  title={Reality Is Broken: Why Games Make Us Better and How They Can Change the World},
  author={McGonigal, J.},
  isbn={9781101475492},
  url={http://books.google.co.uk/books?id=yiOtN\_kDJZgC},
  year={2011},
  publisher={Penguin Group US}
}
@article{okolloh2009ushahidi,
  title={Ushahidi, or'testimony': Web 2.0 tools for crowdsourcing crisis information},
  author={Okolloh, Ory},
  journal={Participatory learning and action},
  volume={59},
  number={1},
  pages={65--70},
  year={2009},
  publisher={IIED-Participatory Learning and Action}
}

@article{land2008galaxy,
  title={Galaxy Zoo: the large-scale spin statistics of spiral galaxies in the Sloan Digital Sky Surveyâ˜…},
  author={Land, Kate and Slosar, An{\v{z}}e and Lintott, Chris and Andreescu, Dan and Bamford, Steven and Murray, Phil and Nichol, Robert and Raddick, M Jordan and Schawinski, Kevin and Szalay, Alex and others},
  journal={Monthly Notices of the Royal Astronomical Society},
  volume={388},
  number={4},
  pages={1686--1692},
  year={2008},
  publisher={Wiley Online Library}
}


@article{zydney2012creating,
  title={Creating a community of inquiry in online environments: An exploratory study on the effect of a protocol on interactions within asynchronous discussions},
  author={Zydney, Janet Mannheimer and deNoyelles, Aimee and Kyeong-Ju Seo, Kay},
  journal={Computers \& Education},
  volume={58},
  number={1},
  pages={77--87},
  year={2012},
  publisher={Elsevier}
}

% Optional fields: volume/number, series, type, address, edition, month, note
@INBOOK{thaler2012,
  author = {Thaler, S and Simperl, E. and  Siorpaes, K. and WÃ¶lger, S.},
  title = {SpotTheLink: A Game-based Approach to the Alignment of Ontologies},
  booktitle={Collaboration and the Semantic Web: Social Networks, Knowledge Networks and Knowledge Resources},
  editor={Bruggemann, S. and d'Amato, C.},
  publisher = {IGI Global},
  year = {2012}
}


@article{mazzolini2007jump,
  title={When to jump in: The role of the instructor in online discussion forums},
  author={Mazzolini, Margaret and Maddison, Sarah},
  journal={Computers \& Education},
  volume={49},
  number={2},
  pages={193--213},
  year={2007},
  publisher={Elsevier}
}
@article{schrire2006knowledge,
  title={Knowledge building in asynchronous discussion groups: Going beyond quantitative analysis},
  author={Schrire, Sarah},
  journal={Computers \& Education},
  volume={46},
  number={1},
  pages={49--70},
  year={2006},
  publisher={Elsevier}
}



@book{Yin2003,
author = {Yin, R K},
booktitle = {Applied Social Research Methods Series},
editor = {Robinson, Sanford},
mendeley-groups = {Social Science,Case Study},
publisher = {SAGE Publications},
series = {Applied Social Research Methods Series},
title = {{Case Study Research: Design and Methods - Third Edition}},
volume = {5},
year = {2003}
}


@book{Strauss1987,
author = {Strauss, A. L},
pages = {336},
publisher = {Cambridge University Press},
title = {{Qualitative Analysis for Social Scientists}},
year = {1987}
}

@book{Denzin1978,
address = {New York, NY, USA},
author = {Denzin, Norman K},
mendeley-groups = {Methodology/Triangulation},
publisher = {McGraw-Hill},
title = {{The Research Act: A Theoretical Introduction to Sociological Methods}},
year = {1978}
}


@incollection{Morse1994,
author = {Morse, J.M},
booktitle = {In Handbook of Qualitative Research},
editor = {Denzin, N.K and Lincoln, Y.S},
mendeley-groups = {Methodology/Triangulation},
pages = {220--235},
title = {{Designing funded qualitative research}},
year = {1994}
}



@book{Lafaille1995,
address = {Antwerp, Belgium},
author = {Lafaille, Robert and Wildeboer, Hans},
booktitle = {International Institute for Advanced Health Studies},
file = {:C$\backslash$:/Users/Ramine/Dropbox/PhD/References/Social Science/Methodology/Reliability/valideng\_full.pdf:pdf},
isbn = {9073723078},
mendeley-groups = {Methodology,Methodology/Reliability and Validity},
title = {{Validity and Reliability of Observation and Data Collection in Biographical Research}},
url = {http://eurotas.org/uploads/pdf/valideng\_full.pdf},
year = {1995}
}

@misc{zoopearls,
author = {Cooper, Carens},
title = {Pearls across the Zooniverse: When Crowdsourcing Becomes Citizen Science},
journal = {Scientific American},
type = {Blog},
number = {February 28},
year = {2013},
howpublished = {\url{http://blogs.scientificamerican.com/guest-blog/2013/02/28/pearls-across-the-zooniverse-when-crowdsourcing-becomes-citizen-science}}
}

@misc{serengeti,
title = {Snapshot Serengeti},
type = {Zooniverse Citizen Science Project Web Site},
howpublished = {\url{http://www.snapshotserengeti.org/}}
}

@article{Edwards2009,
author = {Edwards, Gemma and Crossley, Nick},
journal = {Methodological Innovations Online},
keywords = {ego net,helen kirkpatrick watts,social movements,social networks,suffragette networks},
mendeley-groups = {Mixed Methods/SNA MM},
pages = {37--61},
title = {{Measures and Meanings: Exploring the Ego-Net of Helen Kirkpatrick Watts, Militant Suffragette}},
volume = {4},
year = {2009}
}













@misc{galaxyzooblog,
  title={The Galaxy Zoo Blog},
  number = {July},
  type = {Blog},
  year = {2007},
  howpublished = {\url{http://blog.galaxyzoo.org/}}
}








@article{mika2007,
  added-at = {2009-03-24T12:59:00.000+0100},
  author = {Mika, Peter},
  biburl = {http://www.bibsonomy.org/bibtex/2adc44fb1284b7f5a0de43649ff80c4ac/ewm},
  description = {Ontologies Are Us},
  interhash = {5bba04607af19c94d2438ae13f362649},
  intrahash = {adc44fb1284b7f5a0de43649ff80c4ac},
  journal = {Web Semantics: Science, Services and Agents on the World Wide Web},
  keywords = {folksonomies ontologies social-web web2.0},
  number = 1,
  pages = {5--15},
  publisher = {Elsevier},
  timestamp = {2009-03-24T12:59:00.000+0100},
  title = {{Ontologies are us: A unified model of social networks and semantics}},
  volume = 5,
  year = 2007
}

@inproceedings{Laniado:2010:MST:1940281.1940312,
 author = {Laniado, David and Mika, Peter},
 title = {Making sense of twitter},
 booktitle = {Proceedings of the 9th international semantic web conference on The semantic web - Volume Part I},
 series = {ISWC'10},
 year = {2010},
 isbn = {3-642-17745-X, 978-3-642-17745-3},
 location = {Shanghai, China},
 pages = {470--485},
 numpages = {16},
 url = {http://dl.acm.org/citation.cfm?id=1940281.1940312},
 acmid = {1940312},
 publisher = {Springer-Verlag},
 address = {Berlin, Heidelberg},
}

@inproceedings{Butler:2008:DLB:1357054.1357227,
 author = {Butler, Brian and Joyce, Elisabeth and Pike, Jacqueline},
 title = {Don't look now, but we've created a bureaucracy: the nature and roles of policies and rules in wikipedia},
 booktitle = {Proceedings of the SIGCHI Conference on Human Factors in Computing Systems},
 series = {CHI '08},
 year = {2008},
 isbn = {978-1-60558-011-1},
 location = {Florence, Italy},
 pages = {1101--1110},
 numpages = {10},
 url = {http://doi.acm.org/10.1145/1357054.1357227},
 doi = {10.1145/1357054.1357227},
 acmid = {1357227},
 publisher = {ACM},
 address = {New York, NY, USA},
 keywords = {collaboration, community, dynamics, policies, policy, rules, wikipedia, wikis},
}

@article{kittur2007pfv,
  added-at = {2009-05-20T11:29:48.000+0200},
  author = {Kittur, A. and Chi, E. and Pendleton, B.A. and Suh, B. and Mytkowicz, T.},
  biburl = {http://www.bibsonomy.org/bibtex/2e12b1f58bc9f05e619be121e5623a1c4/tuxyso},
  interhash = {4ccf92baed65a7c6f19fdc3e8cb38b82},
  intrahash = {e12b1f58bc9f05e619be121e5623a1c4},
  journal = {World Wide Web},
  keywords = {Wisdom},
  number = 2,
  pages = 19,
  timestamp = {2009-05-20T11:29:48.000+0200},
  title = {{Power of the few vs. wisdom of the crowd: Wikipedia and the rise of the bourgeoisie}},
  volume = 1,
  year = 2007
}

@inproceedings{conf/esws/RoweWSA13,
  added-at = {2013-05-23T00:00:00.000+0200},
  author = {Rowe, Matthew and Wagner, Claudia and Strohmaier, Markus and Alani, Harith},
  biburl = {http://www.bibsonomy.org/bibtex/220ca37e2d11a3c8b02bfb95bdd57e8a6/dblp},
  booktitle = {ESWC},
  crossref = {conf/esws/2013},
  editor = {Cimiano, Philipp and Corcho, Ã“scar and Presutti, Valentina and Hollink, Laura and Rudolph, Sebastian},
  ee = {http://dx.doi.org/10.1007/978-3-642-38288-8_32},
  interhash = {c41ddd61c7e3f8ff884de7b76e028643},
  intrahash = {20ca37e2d11a3c8b02bfb95bdd57e8a6},
  isbn = {978-3-642-38288-8},
  keywords = {dblp},
  pages = {472-486},
  publisher = {Springer},
  series = {Lecture Notes in Computer Science},
  timestamp = {2013-05-23T00:00:00.000+0200},
  title = {Measuring the Topical Specificity of Online Communities.},
  url = {http://dblp.uni-trier.de/db/conf/esws/eswc2013.html#RoweWSA13},
  volume = 7882,
  year = 2013
}

@article{journals/corr/abs-1205-6233,
  added-at = {2012-10-10T00:00:00.000+0200},
  author = {Yang, Jaewon and Leskovec, Jure},
  biburl = {http://www.bibsonomy.org/bibtex/29009f96f1e39e3955c103c8caadc305e/dblp},
  ee = {http://arxiv.org/abs/1205.6233},
  interhash = {da99b6a8dbac1ee867d6f1235aedfc28},
  intrahash = {9009f96f1e39e3955c103c8caadc305e},
  journal = {CoRR},
  keywords = {dblp},
  timestamp = {2012-10-10T00:00:00.000+0200},
  title = {Defining and Evaluating Network Communities based on Ground-truth},
  url = {http://dblp.uni-trier.de/db/journals/corr/corr1205.html#abs-1205-6233},
  volume = {abs/1205.6233},
  year = 2012
}

@article{anderson2012,
  added-at = {2012-07-21T13:12:20.000+0200},
  author = {Anderson, Ashton and Huttenlocher, Daniel and Kleinberg, Jon and Leskovec, Jure},
  biburl = {http://www.bibsonomy.org/bibtex/2c2ee2eaa648c3c9a1a23453d31e7a7c3/iyas_hilal},
  interhash = {217ac2575b2312d2fff03213106e1b67},
  intrahash = {c2ee2eaa648c3c9a1a23453d31e7a7c3},
  keywords = {QA mining social statistic},
  timestamp = {2012-07-21T13:12:20.000+0200},
  title = {Discovering Value from Community Activity on Focused Question Answering Sites: A Case Study of Stack Overflow},
  year = 2012
}

@inproceedings{conf/wsdm/KairamWL12,
  added-at = {2012-02-13T00:00:00.000+0100},
  author = {Kairam, Sanjay Ram and Wang, Dan J. and Leskovec, Jure},
  biburl = {http://www.bibsonomy.org/bibtex/28c74375976e554fe50335818c14b9eef/dblp},
  booktitle = {WSDM},
  crossref = {conf/wsdm/2012},
  editor = {Adar, Eytan and Teevan, Jaime and Agichtein, Eugene and Maarek, Yoelle},
  ee = {http://doi.acm.org/10.1145/2124295.2124374},
  interhash = {644dccbb3e59f4e0e528a5682ab36372},
  intrahash = {8c74375976e554fe50335818c14b9eef},
  isbn = {978-1-4503-0747-5},
  keywords = {dblp},
  pages = {673-682},
  publisher = {ACM},
  timestamp = {2012-02-13T00:00:00.000+0100},
  title = {The life and death of online groups: predicting group growth and longevity.},
  url = {http://dblp.uni-trier.de/db/conf/wsdm/wsdm2012.html#KairamWL12},
  year = 2012
}

@inproceedings{conf/socialcom/RoweAA11,
  added-at = {2012-01-30T00:00:00.000+0100},
  author = {Rowe, Matthew and Angeletou, Sofia and Alani, Harith},
  biburl = {http://www.bibsonomy.org/bibtex/2165ac3f08d34dd692afa9167a205af41/dblp},
  booktitle = {SocialCom/PASSAT},
  crossref = {conf/socialcom/2011},
  ee = {http://doi.ieeecomputersociety.org/10.1109/PASSAT/SocialCom.2011.215},
  interhash = {77590210f849ff5f4b5ecfb410c6ca7a},
  intrahash = {165ac3f08d34dd692afa9167a205af41},
  isbn = {978-1-4577-1931-8},
  keywords = {dblp},
  pages = {315-322},
  publisher = {IEEE},
  timestamp = {2012-01-30T00:00:00.000+0100},
  title = {Anticipating Discussion Activity on Community Forums.},
  url = {http://dblp.uni-trier.de/db/conf/socialcom/socialcom2011.html#RoweAA11},
  year = 2011
}

@inproceedings{Harper:2008:PAQ:1357054.1357191,
 author = {Harper, F. Maxwell and Raban, Daphne and Rafaeli, Sheizaf and Konstan, Joseph A.},
 title = {Predictors of answer quality in online Q\&amp;A sites},
 booktitle = {Proceedings of the SIGCHI Conference on Human Factors in Computing Systems},
 series = {CHI '08},
 year = {2008},
 isbn = {978-1-60558-011-1},
 location = {Florence, Italy},
 pages = {865--874},
 numpages = {10},
 url = {http://doi.acm.org/10.1145/1357054.1357191},
 doi = {10.1145/1357054.1357191},
 acmid = {1357191},
 publisher = {ACM},
 address = {New York, NY, USA},
 keywords = {digital reference, expert services, information exchanges, information quality, knowledge networks, online community, q\&a},
}

@inproceedings{conf/www/Danescu-Niculescu-MizilWJLP13,
  added-at = {2013-05-25T00:00:00.000+0200},
  author = {Danescu-Niculescu-Mizil, Cristian and West, Robert and Jurafsky, Dan and Leskovec, Jure and Potts, Christopher},
  biburl = {http://www.bibsonomy.org/bibtex/2b829061c108048b5821ce4683b1cf6e0/dblp},
  booktitle = {WWW},
  editor = {Schwabe, Daniel and Almeida, VirgÃ­lio A. F. and Glaser, Hartmut and Baeza-Yates, Ricardo A. and Moon, Sue B.},
  ee = {http://dl.acm.org/citation.cfm?id=2488416},
  isbn = {978-1-4503-2035-1},
  keywords = {dblp},
  pages = {307-318},
  publisher = {International World Wide Web Conferences Steering Committee / ACM},
  timestamp = {2013-05-25T00:00:00.000+0200},
  title = {No country for old members: user lifecycle and linguistic change in online communities.},
  url = {http://dblp.uni-trier.de/db/conf/www/www2013.html#Danescu-Niculescu-MizilWJLP13},
  year = 2013
}

@inproceedings{adamic2008,
 author = {Adamic, Lada A. and Zhang, Jun and Bakshy, Eytan and Ackerman, Mark S.},
 title = {Knowledge sharing and yahoo answers: everyone knows something},
 booktitle = {Proceedings of the 17th international conference on World Wide Web},
 series = {WWW '08},
 year = {2008},
 pages = {665--674},
 numpages = {10}
}

@inproceedings{zhang2007,
 author = {Zhang, Jun and Ackerman, Mark S. and Adamic, Lada},
 title = {Expertise networks in online communities: structure and algorithms},
 booktitle = {Proceedings of the 16th international conference on World Wide Web},
 year = {2007},
 pages = {221--230}
}

@inproceedings{whittaker1998,
 author = {Whittaker, Steve and Terveen, Loren and Hill, Will and Cherny, Lynn},
 title = {The dynamics of mass interaction},
 booktitle = {Proceedings of the 1998 ACM conference on Computer supported cooperative work},
 series = {CSCW '98},
 year = {1998},
 pages = {257--264},
 publisher = {ACM}
}

@ARTICLE{joyce2006,
    author = {Elisabeth Joyce and Robert E. Kraut},
    title = {Predicting Continued Participation In Newsgroups},
    journal = {Journal of Computer-Mediated Communication},
    year = {2006},
    volume = {11},
    pages = {2006}
}

@inproceedings{rafaeli2004,
 author = {Rafaeli, Sheizaf and Ravid, Gilad and Soroka, Vladimir},
 title = {De-Lurking in Virtual Communities: A Social Communication Network Approach to Measuring the Effects of Social and Cultural Capital},
 booktitle = {Proceedings of the Proceedings of the 37th Annual Hawaii International Conference on System Sciences (HICSS'04) - Track 7 - Volume 7},
 series = {HICSS '04},
 year = {2004},
 pages = {70203--},
 publisher = {IEEE Computer Society}
}

@inproceedings{agichtein2008,
 author = {Agichtein, Eugene and Castillo, Carlos and Donato, Debora and Gionis, Aristides and Mishne, Gilad},
 title = {Finding high-quality content in social media},
 booktitle = {Proceedings of the 2008 International Conference on Web Search and Data Mining},
 series = {WSDM '08},
 year = {2008},
 pages = {183--194},
 numpages = {12},
 publisher = {ACM}
}

@inproceedings{campbell2003,
 author = {Campbell, Christopher S. and Maglio, Paul P. and Cozzi, Alex and Dom, Byron},
 title = {Expertise identification using email communications},
 booktitle = {Proceedings of the twelfth international conference on Information and knowledge management},
 series = {CIKM '03},
 year = {2003},
 pages = {528--531},
 publisher = {ACM}
}

@inproceedings{fisher2006,
 author = {Fisher, Danyel and Smith, Marc and Welser, Howard T.},
 title = {You Are Who You Talk To: Detecting Roles in Usenet Newsgroups},
 booktitle = {Proceedings of the 39th Annual Hawaii International Conference on System Sciences - Volume 03},
 series = {HICSS '06},
 year = {2006},
 pages = {59.2--},
 publisher = {IEEE Computer Society}
}

@inproceedings{harper2008,
 author = {Harper, F. Maxwell and Raban, Daphne and Rafaeli, Sheizaf and Konstan, Joseph A.},
 title = {Predictors of answer quality in online Q\&A sites},
 booktitle = {Proceedings of the SIGCHI Conference on Human Factors in Computing Systems},
 series = {CHI '08},
 year = {2008},
 pages = {865--874},
 publisher = {ACM}
}

@article{welser2007,
  author = {Welser, Howard T. and Gleave, Eric and Fisher, Danyel and Smith, Marc},
  journal = {The Journal of Social Structure},
  volume = {8},
  title = {Visualizing the Signatures of Social Roles in Online Discussion Groups}
}

@article{cohn2008citizen,
  title={Citizen science: Can volunteers do real research?},
  author={Cohn, Jeffrey P},
  journal={BioScience},
  volume={58},
  number={3},
  pages={192--197},
  year={2008},
  publisher={BioOne}
}

@inproceedings{wiggins2011conservation,
  title={From conservation to crowdsourcing: A typology of citizen science},
  author={Wiggins, Andrea and Crowston, Kevin},
  booktitle={System Sciences (HICSS), 2011 44th Hawaii International Conference on},
  pages={1--10},
  year={2011},
  organization={IEEE}
}

@article{wiggins2010developing,
  title={Developing a conceptual model of virtual organisations for citizen science},
  author={Wiggins, Andrea and Crowston, Kevin},
  journal={International Journal of Organisational Design and Engineering},
  volume={1},
  number={1},
  pages={148--162},
  year={2010},
  publisher={Inderscience}
}

@inproceedings{nov2011dusting,
  title={Dusting for science: motivation and participation of digital citizen science volunteers.},
  author={Nov, Oded and Arazy, Ofer and Anderson, David},
  booktitle={iConference},
  pages={68--74},
  year={2011}
}

@article {jordan2011,
author = {JORDAN, REBECCA C. and GRAY, STEVEN A. and HOWE, DAVID V. and BROOKS, WESLEY R. and EHRENFELD, JOAN G.},
title = {Knowledge Gain and Behavioral Change in Citizen-Science Programs},
journal = {Conservation Biology},
volume = {25},
number = {6},
publisher = {Blackwell Publishing Inc},
year = {2011},
pages = {1148--1154}
}

@inproceedings{yu2010,
  title={Modeling experts and novices in citizen science data for species distribution modeling},
  author={Yu, Jun and Wong, Weng-Keen and Hutchinson, Rebecca A},
  booktitle={Data Mining (ICDM), 2010 IEEE 10th International Conference on},
  pages={1157--1162},
  year={2010},
  organization={IEEE}
}

@article{kawrykow2012,
  title={Phylo: a citizen science approach for improving multiple sequence alignment},
  author={Kawrykow, Alexander and Roumanis, Gary and Kam, Alfred and Kwak, Daniel and Leung, Clarence and Wu, Chu and Zarour, Eleyine and Sarmenta, Luis and Blanchette, Mathieu and Waldisp{\"u}hl, J{\'e}r{\^o}me and others},
  journal={PloS one},
  volume={7},
  number={3},
  pages={e31362},
  year={2012},
  publisher={Public Library of Science}
}

@inproceedings{rotman2012,
  title={Dynamic changes in motivation in collaborative citizen-science projects},
  author={Rotman, Dana and Preece, Jenny and Hammock, Jen and Procita, Kezee and Hansen, Derek and Parr, Cynthia and Lewis, Darcy and Jacobs, David},
  booktitle={Proceedings of the ACM 2012 conference on Computer Supported Cooperative Work},
  pages={217--226},
  year={2012},
  organization={ACM}
}

@book{irwin1995citizen,
  title={Citizen science: A study of people, expertise and sustainable development},
  author={Irwin, Alan},
  year={1995},
  publisher={Psychology Press}
}

@article{wilson2003encyclopedia,
  title={The encyclopedia of life},
  author={Wilson, Edward O},
  journal={Trends in Ecology \& Evolution},
  volume={18},
  number={2},
  pages={77--80},
  year={2003},
  publisher={Elsevier}
}

@article{bonney2009citizen,
  title={Citizen science: a developing tool for expanding science knowledge and scientific literacy},
  author={Bonney, Rick and Cooper, Caren B and Dickinson, Janis and Kelling, Steve and Phillips, Tina and Rosenberg, Kenneth V and Shirk, Jennifer},
  journal={BioScience},
  volume={59},
  number={11},
  pages={977--984},
  year={2009},
  publisher={BioOne}
}

@article{vonahn2008,
 author = {von Ahn, Luis and Dabbish, Laura},
 title = {Designing games with a purpose},
 journal = {Communications of the ACM},
 volume = {51},
 number = {8},
 year = {2008},
 pages = {58--67}
}

@article{Girvan2002,
author = {Girvan, M and Newman, M E J},
doi = {10.1073/pnas.122653799},
file = {:C$\backslash$:/Users/User/AppData/Local/Mendeley Ltd./Mendeley Desktop/Downloaded/Girvan, Newman - 2002 - Community structure in social and biological networks.pdf:pdf},
issn = {0027-8424},
journal = {Proceedings of the National Academy of Sciences of the United States of America},
keywords = {Algorithms,Animals,Community Networks,Computer Simulation,Humans,Models, Theoretical,Nerve Net,Nerve Net: physiology,Neural Networks (Computer),Social Behavior},
month = jun,
number = {12},
pages = {7821--6},
pmid = {12060727},
title = {{Community structure in social and biological networks.}},
url = {http://www.pubmedcentral.nih.gov/articlerender.fcgi?artid=122977\&tool=pmcentrez\&rendertype=abstract},
volume = {99},
year = {2002}
}

@article{Clauset2004,
  author = {Clauset, Aaron and Newman, M. E. J. and Moore, Cristopher},
  journal = {Physical Review E},
  pages = 066111,
  title = {Finding community structure in very large networks},
  url = {http://www.citebase.org/abstract?id=oai:arXiv.org:cond-mat/0408187},
  volume = 70,
  year = 2004
}

@inproceedings{quinn2011human,
  title={Human computation: a survey and taxonomy of a growing field},
  author={Quinn, Alexander J and Bederson, Benjamin B},
  booktitle={Proceedings of the SIGCHI Conference on Human Factors in Computing Systems},
  pages={1403--1412},
  year={2011}
}

@misc{PH,
title = {Planet Hunters},
type = {Zooniverse Citizen Science Project Web Site},
howpublished = {\url{http://www.planethunters.org/}}
}
@misc{CC,
title = {Cyclone Center},
type = {Zooniverse Citizen Science Project Web Site},
howpublished = {\url{http://www.cyclonecenter.org/}}
}
@misc{GZ,
title = {Galaxy Zoo},
type = {Zooniverse Citizen Science Project Web Site},
howpublished = {\url{http://www.galaxyzoo.org/}}
}
@misc{SF,
title = {Seafloor Explorer},
type = {Zooniverse Citizen Science Project Web Site},
howpublished = {\url{http://www.seafloorexplorer.org/}}
}
@misc{AP,
title = {Andromeda Project},
type = {Zooniverse Citizen Science Project Web Site},
howpublished = {\url{http://www.andromedaproject.org/}}
}
@misc{PF,
title = {Planet Four},
type = {Zooniverse Citizen Science Project Web Site},
howpublished = {\url{http://www.planetfour.org/}}
}
@misc{NN,
title = {Notes from Nature},
type = {Zooniverse Citizen Science Project Web Site},
howpublished = {\url{http://www.notesfromnature.org/}}
}
@misc{SW,
title = {Space Warps},
type = {Zooniverse Citizen Science Project Web Site},
howpublished = {\url{http://www.spacewarps.org/}}
}
@misc{WS,
title = {Worm Space},
type = {Zooniverse Citizen Science Project Web Site},
howpublished = {\url{http://www.wormspace.org/}}
}

@inproceedings{Kittur2007,
 author = {Kittur, Aniket and Suh, Bongwon and Pendleton, Bryan A. and Chi, Ed H.},
 title = {He Says, She Says: Conflict and Coordination in Wikipedia},
 booktitle = {Proceedings of the SIGCHI Conference on Human Factors in Computing Systems},
 series = {CHI '07},
 year = {2007},
 isbn = {978-1-59593-593-9},
 location = {San Jose, California, USA},
 pages = {453--462},
 numpages = {10},
 url = {http://doi.acm.org/10.1145/1240624.1240698},
 doi = {10.1145/1240624.1240698},
 acmid = {1240698},
 publisher = {ACM},
 address = {New York, NY, USA},
 keywords = {Wiki, Wikipedia, collaboration, conflict, user model, visualization, web-based interaction},
} 


@inproceedings{Kittur2008,
 author = {Kittur, Aniket and Kraut, Robert E.},
 title = {Harnessing the Wisdom of Crowds in Wikipedia: Quality Through Coordination},
 booktitle = {Proceedings of the 2008 ACM Conference on Computer Supported Cooperative Work},
 series = {CSCW '08},
 year = {2008},
 isbn = {978-1-60558-007-4},
 location = {San Diego, CA, USA},
 pages = {37--46},
 numpages = {10},
 url = {http://doi.acm.org/10.1145/1460563.1460572},
 doi = {10.1145/1460563.1460572},
 acmid = {1460572},
 publisher = {ACM},
 address = {New York, NY, USA},
 keywords = {collaboration, collective intelligence, coordination, distributed cognition, social computing, wiki, wikipedia},
} 

@inproceedings{pal2012evolution,
  title={Evolution of Experts in Question Answering Communities.},
  author={Pal, Aditya and Chang, Shuo and Konstan, Joseph A},
  booktitle={ICWSM},
  year={2012}
}

@article{Hemment2011,
  title={Participatory Mass Observation and Citizen Science},
  author={Hemment, Drew and Ellis, Rebecca and Wynne, Brian},
  journal={Leonardo},
  volume={44},
  number={1},
  pages={62--63},
  year={2011},
  publisher={MIT Press}
}

@article{Mueller2012,
  title={The future of citizen science},
  author={Mueller, Michael P and Tippins, Deborah and others},
  journal={Democracy and Education},
  volume={20},
  number={1},
  pages={2},
  year={2012}
}

@article{Raddick2010,
  title={Galaxy zoo: Exploring the motivations of citizen science volunteers},
  author={Raddick, M Jordan and Bracey, Georgia and Gay, Pamela L and Lintott, Chris J and Murray, Phil and Schawinski, Kevin and Szalay, Alexander S and Vandenberg, Jan},
  journal={Astronomy Education Review},
  volume={9},
  pages={010103},
  year={2010}
}

@inproceedings{Tinati2014,
 author = {Tinati, Ramine and Luczak-Roesch, Markus and Simperl, Elena and Shadbolt, Nigel},
 title = {Motivations of Citizen Scientists: A Quantitative Investigation of Forum Participation},
 booktitle = {Proceedings of the 2014 ACM Conference on Web Science},
 series = {WebSci '14},
 year = {2014},
 isbn = {978-1-4503-2622-3},
 location = {Bloomington, Indiana, USA},
 pages = {295--296},
 numpages = {2},
 url = {http://doi.acm.org/10.1145/2615569.2615651},
 doi = {10.1145/2615569.2615651},
 acmid = {2615651},
 publisher = {ACM},
 address = {New York, NY, USA},
 keywords = {citizen science, discussion forums, online communities},
} 

@inproceedings{Harper2009,
 author = {Harper, F. Maxwell and Moy, Daniel and Konstan, Joseph A.},
 title = {Facts or Friends?: Distinguishing Informational and Conversational Questions in Social Q\&A Sites},
 booktitle = {Proceedings of the SIGCHI Conference on Human Factors in Computing Systems},
 series = {CHI '09},
 year = {2009},
 isbn = {978-1-60558-246-7},
 location = {Boston, MA, USA},
 pages = {759--768},
 numpages = {10},
 url = {http://doi.acm.org/10.1145/1518701.1518819},
 doi = {10.1145/1518701.1518819},
 acmid = {1518819},
 publisher = {ACM},
 address = {New York, NY, USA},
 keywords = {Q\&A, machine learning, online community},
}
@article{Kumar2006,
address = {New York, New York, USA},
author = {Kumar, Ravi and Novak, Jasmine and Tomkins, Andrew},
file = {:C$\backslash$:/Users/Ramine/Dropbox/PhD/References/Web Studies - Computer Science/Kumar  structure and evolution of  online  Social Network.pdf:pdf},
isbn = {1595933395},
journal = {Proceedings of the 12th ACM SIGKDD international conference on Knowledge discovery and data mining - KDD '06},
keywords = {companies in their own,each user the promise,graph evolu-,graph mining,of managing her own,offering,right,small-world phenomenon,social network as a,social networks,stars,subject of numerous startup,tion},
mendeley-groups = {Network Structures,Online Communities},
pages = {611},
publisher = {ACM Press},
title = {{Structure and evolution of online social networks}},
year = {2006}
}

@inproceedings{Slattery2009,
author = {Slattery, SP},
booktitle = {Proceedings of the 27th ACM international conference on Design of communication},
file = {:C$\backslash$:/Users/Ramine/Dropbox/PhD/References/Wikipedia/'edit this page'  the socio-technological infrastructure of a wikipedia article.pdf:pdf},
isbn = {9781605585598},
keywords = {1,activity theory,infrastructure,introduction,networked fact-,wiki,wikipedia},
pages = {289--295},
title = {{Edit this page: the socio-technological infrastructure of a wikipedia article}},
url = {http://dl.acm.org/citation.cfm?id=1622052},
year = {2009}
}

@article{Lampe2005,
author = {Lampe, Cliff and Johnston, Erik},
file = {:C$\backslash$:/Users/Ramine/AppData/Local/Mendeley Ltd./Mendeley Desktop/Downloaded/Lampe, Johnston - 2005 - Follow the (slash) dot effects of feedback on new members in an online community.pdf:pdf},
isbn = {1595932232},
journal = {Proceedings of the 2005 international ACM \ldots},
keywords = {feedback,learning,online community,rating systems},
pages = {11--20},
title = {{Follow the (slash) dot: effects of feedback on new members in an online community}},
url = {http://dl.acm.org/citation.cfm?id=1099206},
year = {2005}
}

@article{Arguello2006,
author = {Arguello, Jaime and Butler, BS and Joyce, Elisabeth},
file = {:C$\backslash$:/Users/Ramine/AppData/Local/Mendeley Ltd./Mendeley Desktop/Downloaded/Arguello, Butler, Joyce - 2006 - Talk to me foundations for successful individual-group interactions in online communities.pdf:pdf},
isbn = {1595931783},
journal = {Proceedings of the \ldots},
pages = {1--10},
title = {{Talk to me: foundations for successful individual-group interactions in online communities}},
url = {http://dl.acm.org/citation.cfm?id=1124916},
year = {2006}
}
@article{Krieger2009,
author = {Krieger, Michel and Stark, Emily},
file = {:C$\backslash$:/Users/Ramine/Dropbox/PhD/References/Wikipedia/Coordinating tasks on the commons  designing for personal goals, expertise and serendipity.pdf:pdf},
isbn = {9781605582467},
journal = {Proceedings of the 27th International Conference on Human Factors in Computing Systems (CHI)},
mendeley-groups = {Wikipedia},
pages = {1485--1494},
title = {{Coordinating tasks on the commons: designing for personal goals, expertise and serendipity}},
year = {2009}
}


@article {Winfried2009,
author = {Ebner, Winfried and Leimeister, Jan Marco and Krcmar, Helmut},
title = {Community engineering for innovations: the ideas competition as a method to nurture a virtual community for innovations},
journal = {R\&D Management},
volume = {39},
number = {4},
publisher = {Blackwell Publishing Ltd},
issn = {1467-9310},
url = {http://dx.doi.org/10.1111/j.1467-9310.2009.00564.x},
doi = {10.1111/j.1467-9310.2009.00564.x},
pages = {342--356},
year = {2009},
}

@article{Hilliard2006,
  title={Using structured reflection on a critical incident to develop a professional portfolio},
  author={Hilliard, Carol},
  journal={Nursing standard},
  pages={35-40},
	volume={21},
  number={2},
  year={2006}
	}
	
@book{Bulman2004,
  title={Helping to get you started â€“ reflecting on your experiences},
  author={C, Bulman},
	edition={3rd Edition},
	editor = {C, Bulman. and S. Schutz},
  year={2004},
  publisher={Oxford Blackwell}
}

@inproceedings{inputagreement,
 author = {Law, Edith and von Ahn, Luis},
 title = {Input-agreement: A New Mechanism for Collecting Data Using Human Computation Games},
 booktitle = {Proceedings of the SIGCHI Conference on Human Factors in Computing Systems},
 series = {CHI '09},
 year = {2009},
 pages = {1197--1206},
 publisher = {ACM}
}
@book{dawson2012getting,
title={Getting Results from Crowds},
author={Dawson, Ross and Bynghall, Steve},
year={2012},
publisher={Advanced Human Technologies}
}
@book{zichermann2011gamification,
author = {Zichermann, Gabe and Cunningham, Christopher},
title = {Gamification by Design: Implementing Game Mechanics in Web and Mobile Apps},
year = {2011},
isbn = {1449397670, 9781449397678},
edition = {1st},
publisher = {O'Reilly Media, Inc.}
}

@inproceedings{Oleson2011Crowdflower,
  added-at = {2012-02-21T00:00:00.000+0100},
  author = {Oleson, David and Sorokin, Alexander and Laughlin, Greg P. and Hester, Vaughn and Le, John and Biewald, Lukas},
  biburl = {http://www.bibsonomy.org/bibtex/2ecebfecff6523069bb7112ef33d2a6ca/dblp},
  booktitle = {Human Computation},
  crossref = {conf/aaai/2011hc},
  ee = {http://www.aaai.org/ocs/index.php/WS/AAAIW11/paper/view/3995},
  interhash = {82b5a744201c9d27884a0f49f56061a3},
  intrahash = {ecebfecff6523069bb7112ef33d2a6ca},
  keywords = {dblp},
  publisher = {AAAI},
  series = {AAAI Workshops},
  timestamp = {2012-02-21T00:00:00.000+0100},
  title = {Programmatic Gold: Targeted and Scalable Quality Assurance in Crowdsourcing.},
  url = {http://dblp.uni-trier.de/db/conf/aaai/hc2011.html#OlesonSLHLB11},
  volume = {WS-11-11},
  year = 2011
}


@misc{CSDefinition2011,
title = {Finalizing a Definition of `Citizen Science' and `Citizen Scientists'},
author = {http://OpenScientist.org},
type = {Citizen Science Web Site},
howpublished = {\url{http://www.openscientist.org/2011/09/finalizing-definition-of-citizen.html}}
}

@article{Vreede2013,
year={2013},
isbn={978-3-642-41346-9},
booktitle={Collaboration and Technology},
volume={8224},
series={Lecture Notes in Computer Science},
editor={Antunes, Pedro and Gerosa, MarcoAurÃ©lio and Sylvester, Allan and Vassileva, Julita and de Vreede, Gert-Jan},
doi={10.1007/978-3-642-41347-6_8},
title={A Theoretical Model of User Engagement in Crowdsourcing},
url={http://dx.doi.org/10.1007/978-3-642-41347-6_8},
publisher={Springer Berlin Heidelberg},
keywords={Crowdsourcing; engagement; open collaboration; motivation; social media},
author={de Vreede, Triparna and Nguyen, Cuong and de Vreede, Gert-Jan and Boughzala, Imed and Oh, Onook and Reiter-Palmon, Roni},
pages={94-109},
language={English}
}

@article{Staffelbach2014,
  author    = {Matthew Staffelbach and
               Peter Sempolinski and
               David Hachen and
               Ahsan Kareem and
               Tracy Kijewski{-}Correa and
               Douglas Thain and
               Daniel Wei and
               Greg Madey},
  title     = {Lessons Learned from an Experiment in Crowdsourcing Complex Citizen
               Engineering Tasks with Amazon Mechanical Turk},
  journal   = {CoRR},
  volume    = {abs/1406.7588},
  year      = {2014},
  url       = {http://arxiv.org/abs/1406.7588},
  timestamp = {Tue, 01 Jul 2014 11:58:08 +0200},
  biburl    = {http://dblp.uni-trier.de/rec/bib/journals/corr/StaffelbachSHKKTWM14},
  bibsource = {dblp computer science bibliography, http://dblp.org}
}


@inproceedings{kaufmann_more_2011,
	title = {More than fun and money. Worker Motivation in Crowdsourcing-A Study on Mechanical Turk.},
	url = {http://www.researchgate.net/publication/220894276_More_than_fun_and_money._Worker_Motivation_in_Crowdsourcing_-_A_Study_on_Mechanical_Turk/file/9fcfd50e5afe007d78.pdf},
	urldate = {2013-10-31TZ},
	booktitle = {{AMCIS}},
	author = {Kaufmann, Nicolas and Schulze, Thimo and Veit, Daniel},
	year = {2011}
}

@inproceedings{Kairam2012,
 author = {Kairam, Sanjay Ram and Wang, Dan J. and Leskovec, Jure},
 title = {The Life and Death of Online Groups: Predicting Group Growth and Longevity},
 booktitle = {Proceedings of the Fifth ACM International Conference on Web Search and Data Mining},
 series = {WSDM '12},
 year = {2012},
 isbn = {978-1-4503-0747-5},
 location = {Seattle, Washington, USA},
 pages = {673--682},
 numpages = {10},
 url = {http://doi.acm.org/10.1145/2124295.2124374},
 doi = {10.1145/2124295.2124374},
 acmid = {2124374},
 publisher = {ACM},
 address = {New York, NY, USA},
 keywords = {group formation, information diffusion, online communities, social networks},
} 

@article{Schroer2009,
author = {Schroer, Joachim and Hertel, Guido},
title = {Voluntary Engagement in an Open Web-Based Encyclopedia: Wikipedians and Why They Do It},
journal = {Media Psychology},
volume = {12},
number = {1},
pages = {96-120},
year = {2009},
doi = {10.1080/15213260802669466}
}

@inproceedings{Mugar2014PH,
 author = {Mugar, Gabriel and Osterlund, Carsten and Hassman, Katie DeVries and Crowston, Kevin and Jackson, Corey Brian},
 title = {Planet Hunters and Seafloor Explorers: Legitimate Peripheral Participation Through Practice Proxies in Online Citizen Science},
 booktitle = {Proceedings of the 17th ACM Conference on Computer Supported Cooperative Work},
 series = {CSCW '14},
 year = {2014},
 isbn = {978-1-4503-2540-0},
 location = {Baltimore, Maryland, USA},
 pages = {109--119},
 numpages = {11},
 url = {http://doi.acm.org/10.1145/2531602.2531721},
 doi = {10.1145/2531602.2531721},
 acmid = {2531721},
 publisher = {ACM},
 address = {New York, NY, USA},
 keywords = {citizen science, legitimate peripheral participation, situated learning, social translucence, socialization},
} 

@article{Lukyanenko2014,
author = {Lukyanenko, Roman and Parsons, Jeffrey and Wiersma, Yolanda F.},
title = {The IQ of the Crowd: Understanding and Improving Information Quality in Structured User-Generated Content},
journal = {Information Systems Research},
volume = {25},
number = {4},
pages = {669-689},
year = {2014},
doi = {10.1287/isre.2014.0537}
}

@inproceedings{Backstrom2006,
 author = {Backstrom, Lars and Huttenlocher, Dan and Kleinberg, Jon and Lan, Xiangyang},
 title = {Group Formation in Large Social Networks: Membership, Growth, and Evolution},
 booktitle = {Proceedings of the 12th ACM SIGKDD},
 series = {KDD '06},
 year = {2006},
 isbn = {1-59593-339-5},
 location = {Philadelphia, PA, USA},
 pages = {44--54},
 numpages = {11},
 url = {http://doi.acm.org/10.1145/1150402.1150412},
 doi = {10.1145/1150402.1150412},
 acmid = {1150412},
 publisher = {ACM},
 address = {New York, NY, USA},
 keywords = {diffusion of innovations, on-line communities, social networks},
} 

@conference {DeVries2013,
	title = {Learning at the Seafloor, Looking at the Sky: The Relationship Between Individual Tasks and Collaborative Engagement in Two Citizen Science Projects},
	booktitle = {Computer Supported Collaborative Learning },
	year = {2013},
	attachments = {http://citsci.syr.edu/sites/crowston.syr.edu/files/CSCL 2013 Poster Final.pdf , http://citsci.syr.edu/sites/crowston.syr.edu/files/Posterv2.pdf},
	author = {Katie DeVries Hassman and Gabriel Mugar and {\O}sterlund, Carsten and Corey Jackson}
}


@conference{rotman2012,
 author = {Rotman, Dana and Preece, Jenny and Hammock, Jen and Procita, Kezee and Hansen, Derek and Parr, Cynthia and Lewis, Darcy and Jacobs, David},
 title = {Dynamic Changes in Motivation in Collaborative Citizen-science Projects},
 booktitle = {Proceedings of the ACM 2012 Conference on Computer Supported Cooperative Work},
 series = {CSCW '12},
 year = {2012},
 isbn = {978-1-4503-1086-4},
 location = {Seattle, Washington, USA},
 pages = {217--226},
 numpages = {10},
 url = {http://doi.acm.org/10.1145/2145204.2145238},
 doi = {10.1145/2145204.2145238},
 acmid = {2145238},
 publisher = {ACM},
 address = {New York, NY, USA},
 keywords = {citizen science, collaboration, crowdsourcing, ecology, motivation, scientists, volunteers},
} 